@article{swisher2021,
	author = {Kara Swisher},
	title = {You Know the Saying: You Are the Product},
	date = {2021},
	url = {https://www.proquest.com/blogs-podcasts-websites/you-know-saying-are-product/docview/2596091357/se-2?accountid=37662},
	publisher = {New York Times [online]},
	language = {English},
}

@misc{rashid2016,
	author = {Fahmida Rashid},
	title = {How Windows 10 data collection trades privacy for security},
	year = {2016},
	language = {English},
	howpublished = {online},
	type = {article},
	organization = {InfoWorld.com [online]},
	url = {https://www.proquest.com/trade-journals/how-windows-10-data-collection-trades-privacy/docview/1845402393/se-2?accountid=37662},
}
