@book {heroutuc1,
		author = "Pavel Herout",
		title = "{Učebnice jazyka C}. ({Czech}) [The C language book]",
		year = "2001",
		publisher = "KOPP Nakladatelství",
		keywords = "programming, clang",
		isbn = "8085828219"
}
@book {heroutuc2,
		author = "Pavel Herout",
		title = "{Učebnice jazyka C - 2.díl}. ({Czech}) [The C language book - part 2]",
		year = "1996",
		publisher = "KOPP Nakladatelství",
		keywords = "programming, clang",
		isbn = "8085828502"
}
@book {tolkiens,
		author = "J.R.R. Tolkien",
		title = "Silmarillion",
		year = "1992",
		publisher = "Mladá fronta",
		keywords = "fantasy",
		isbn = "8020403361"
}
@book {tolkienut,
		author = "J.R.R. Tolkien",
		title = "Nedokončené příběhy",
		year = "2003",
		publisher = "Mladá fronta",
		keywords = "fantasy",
		isbn = "8020404538"
}
@book {tolkienrk,
		author = "J.R.R. Tolkien",
		series = "Pán Prstenů",
		title = "Návrat krále",
		year = "2007",
		publisher = "Mladá fronta",
		keywords = "fantasy",
		isbn = "9788072038329"
}
@book {tolkientt,
		author = "J.R.R. Tolkien",
		series = "Pán Prstenů",
		title = "Dvě Věže",
		year = "2006",
		publisher = "Mladá fronta",
		keywords = "fantasy",
		isbn = "8072037277"
}
@book {tolkienfr,
		author = "J.R.R. Tolkien",
		series = "Pán Prstenů",
		title = "Společenstvo Prstenu",
		year = "2006",
		publisher = "Mladá fronta",
		keywords = "fantasy",
		isbn = "807203829X"
}
@book {aureliushs,
		author = "Marcus Aurelius Antonius",
		title = "Hovory k sobě",
		year = "2011",
		publisher = "Arista and Baset",
		keywords = "antika,stoikove",
		isbn = "9788086410630"
}
